@INPROCEEDINGS{5939470,
author={Xiong Long and Ma Hao-Dong and Fang Hong-Zheng and Zou Ke-Xu and Yi Da-Wei},
booktitle={Prognostics and System Health Management Conference (PHM-Shenzhen), 2011}, title={Anomaly detection of spacecraft based on least squares support vector machine},
year={2011},
pages={1-6},
keywords={aerospace computing;aircraft maintenance;condition monitoring;fault diagnosis;feature extraction;learning (artificial intelligence);least squares approximations;principal component analysis;space research;space vehicles;support vector machines;classification ability;control center;data collection;data preprocessing;fault detection;feature extraction;feature selection;generalization ability;learning ability;least squares support vector machine;principal component analysis;prognostics and system health management;remaining useful life;remote measurement;spacecraft anomaly detection;spacecraft in-orbit;spacecraft performance monitor;Decoding;Equations;Frequency modulation;Monitoring;Orbits;Space vehicles;Support vector machines;Anomaly detection;LS-SVM;Spacecraft in-orbit},
doi={10.1109/PHM.2011.5939470},}
@INPROCEEDINGS{5979041,
author={Bal, H. and Mohanty, S.K. and Mahalik, N.P. and Kiseon Kim},
booktitle={Process Automation, Control and Computing (PACC), 2011 International Conference on}, title={Prognostic Algorithm for Sensors and Actuators Using Multiresolution Signal Decomposition Technique},
year={2011},
pages={1-5},
keywords={Fourier transforms;fault diagnosis;intelligent actuators;intelligent sensors;signal resolution;source separation;spectral analysis;fault isolation;model-based fault detection;multiresolution signal decomposition technique;prognostic algorithm;short-time Fourier transform;smart actuators;smart sensors;spectral analysis;Actuators;Fault detection;Intelligent sensors;Reliability;Signal resolution;Time frequency analysis},
doi={10.1109/PACC.2011.5979041},}
@INPROCEEDINGS{6228815,
author={Weiwei Hu and Jin Qi and Haowen Mou and Yufeng Sun},
booktitle={Prognostics and System Health Management (PHM), 2012 IEEE Conference on}, title={Information fusion method in fault modes},
year={2012},
pages={1-5},
keywords={electronic products;failure analysis;fault diagnosis;probability;production engineering computing;reliability;DS evidence theory;electronic products reasoning;electronic products reliability;failure mode identification;fault circuit;fault diagnosis;fault modes;information fusion method;information fusion methods;information fusion model;neural network;probability distribution function;simulation-based circuit signal;fault circuit;fault mode recognition;information fusion},
doi={10.1109/PHM.2012.6228815},
ISSN={2166-563X},}
@null{6355667,
author={Strangas, E. and Aviyente, S. and Zaidi, S. and Neely, J.},
journal={Industrial Electronics, IEEE Transactions on}, title={The Effect of Failure Prognosis and Mitigation on the Reliability of Permanent Magnet AC Motor Drives},
year={2012},
volume={PP},
number={99},
pages={1-1},
keywords={Permanent Magnet Machines;fault detection;fault diagnosis;fault tolerance;hidden Markov models;linear discriminant analysis;prognostics and health management},
doi={10.1109/TIE.2012.2227913},
ISSN={0278-0046},}
@INPROCEEDINGS{6228771,
author={Kirillov, A. and Kirillov, S. and Pecht, M.},
booktitle={Prognostics and System Health Management (PHM), 2012 IEEE Conference on}, title={The calculating PHM cluster: CH amp;P mathematical models and algorithms of early prognosis of failure},
year={2012},
pages={1-11},
keywords={mathematical analysis;preventive maintenance;remaining life assessment;risk management;CH&P mathematical algorithms;CH&P mathematical models;PHM cluster;automatic stochastic management;computing cluster;early prognosis of failure;gas turbine;hidden fault cause;hierarchical mathematical model;hydroelectric turbines;internal combustion engines;mathematical models for prognosis;physical reversibility;preventive prognosis;remaining useful life;risk assessment;symbolic hidden trajectories evolution;topological dynamics;wind turbines;Analytical models;Artificial neural networks;Computational modeling;Hydraulic turbines;Lead;Mathematical model;Object recognition;Feynman path integral;Fokker-Planck equations;PHM monitoring;accurate estimates of RUL;early failure prognosis;early prognosis;preventive prognosis;root causes prognosis;statistical method;symbolical dynamics;theoretical basis},
doi={10.1109/PHM.2012.6228771},
ISSN={2166-563X},}
@INPROCEEDINGS{6228962,
author={Chao Zhang and Linhan Guo and Boping Xiao and Rui Kang},
booktitle={Prognostics and System Health Management (PHM), 2012 IEEE Conference on}, title={Complex system fault sampling under condition of imperfect repair},
year={2012},
pages={1-5},
keywords={condition monitoring;failure analysis;large-scale systems;maintenance engineering;random processes;sampling methods;stochastic processes;complex system fault sampling;corrective maintenance activity simulation model credibility;down-top failure sampling model;imperfect repair condition;model applicability;product failure rate;product fault occasion occurrences;product fault stochastic sampling method;random sampling method;top-down failure sampling model;Computer aided software engineering;Silicon;fault sampling;imperfect repair;monte carlo},
doi={10.1109/PHM.2012.6228962},
ISSN={2166-563X},}
@INPROCEEDINGS{6228834,
author={Zhipeng Wang and Zili Wang and Laifa Tao and Jian Ma},
booktitle={Prognostics and System Health Management (PHM), 2012 IEEE Conference on}, title={Fault diagnosis for bearing based on Mahalanobis-Taguchi system},
year={2012},
pages={1-5},
keywords={Taguchi methods;fault diagnosis;feature extraction;real-time systems;rolling bearings;time-frequency analysis;vibrations;MD;MTS;Mahalanobis distance;Mahalanobis-Taguchi system;fault clustering;fault diagnosis;feature extraction;real-time multivariate analysis;rolling element bearing;time/frequency domain analysis;vibration data;Arrays;Signal to noise ratio;Bearing;Fault Diagnosis;Mahalanobis distance;Mahalanobis-Taguchi system (MTS)},
doi={10.1109/PHM.2012.6228834},
ISSN={2166-563X},}
@ARTICLE{6046227,
author={Chaochao Chen and Bin Zhang and Vachtsevanos, G.},
journal={Instrumentation and Measurement, IEEE Transactions on}, title={Prediction of Machine Health Condition Using Neuro-Fuzzy and Bayesian Algorithms},
year={2012},
volume={61},
number={2},
pages={297-306},
keywords={Bayes methods;condition monitoring;electric machines;fuzzy neural nets;mechanical engineering computing;NFS;PDF;forecasting estimations;machine fault state;machine health condition;neuro-fuzzy algorithm;online model update scheme;probability density function;prognostic model;recurrent neural networks;recursive Bayesian estimation algorithms;Adaptation models;Bayesian methods;Mathematical model;Noise;Prediction algorithms;Predictive models;Real time systems;Bayesian algorithms;machinery condition monitoring;neuro-fuzzy systems (NFSs);prediction;recurrent NFSs (RNFSs);recurrent neural networks (RNNs)},
doi={10.1109/TIM.2011.2169182},
ISSN={0018-9456},}
@INPROCEEDINGS{6228838,
booktitle={Prognostics and System Health Management (PHM), 2012 IEEE Conference on}, title={Session 3.2 #x2014; Algorithms of fault diagnosis},
year={2012},
pages={1-1},
doi={10.1109/PHM.2012.6228838},
ISSN={2166-563X},}
@INPROCEEDINGS{6299510,
author={Lumme, V. and Pylvanen, M.},
booktitle={Prognostics and Health Management (PHM), 2012 IEEE Conference on}, title={Evaluating the confidence level of prognostic predictions},
year={2012},
pages={1-6},
keywords={condition monitoring;learning (artificial intelligence);machinery;machinery production industries;pattern classification;production engineering computing;reliability;anomaly detection;classification tool;confidence level;continuous learning prediction method;fault detection;machines;prediction tool;prognostic prediction;Classification algorithms;Prediction algorithms;Reliability;Support vector machine classification;Training;Training data;Wind turbines;SOM;classification;diagnosis;neural networks;predicion;prognosis},
doi={10.1109/ICPHM.2012.6299510},}
@INPROCEEDINGS{6228843,
author={Jianhong Li and Tongmin Jiang and Yuzhu He and Jueyi Jiang and Ben Yang},
booktitle={Prognostics and System Health Management (PHM), 2012 IEEE Conference on}, title={Support vector machine based on new fuzzy membership},
year={2012},
pages={1-5},
keywords={estimation theory;fuzzy set theory;pattern clustering;support vector machines;cluster center;estimating accuracy;fuzzy membership;fuzzy support vector machine;separating hyper-planes;training set;MATLAB;Noise;Reliability;Support vector machines;Training;Vibrations;fault diagnosis;fuzzy coefficient;fuzzy support vector machine},
doi={10.1109/PHM.2012.6228843},
ISSN={2166-563X},}
@INPROCEEDINGS{6299533,
author={Ardakani, H.D. and Lucas, C. and Siegel, D. and Shuo Chang and Dersin, P. and Bonnet, B. and Lee, J.},
booktitle={Prognostics and Health Management (PHM), 2012 IEEE Conference on}, 
title={PHM for railway system A case study on the health assessment of the point machines},
year={2012},
pages={1-5},
keywords={condition monitoring;electric machines;fault diagnosis;feature extraction;principal component analysis;railway electrification;ALSTOM P80 electromechanical point machine data;PCA;PHM technique;condition monitoring;critical track elements;delays;electromechanical point machines;fault diagnostics;feature extraction techniques;health assessment;point machine mechanism;principal component analysis;prognostics and health management;railway assets;railway system;time-stamped data;voltage signals;Condition monitoring;Feature extraction;Market research;Principal component analysis;Prognostics and health management;Rail transportation;Health Assessment;Point Machine;Principal Component Analysis},
doi={10.1109/ICPHM.2012.6299533},}
@INPROCEEDINGS{6228812,
author={Bo Hu and Shiyin Qin},
booktitle={Prognostics and System Health Management (PHM), 2012 IEEE Conference on}, title={Prognostic methodology for health management of electrical equipments of propulsion system in a type of vessel based on artificial immune algorithm},
year={2012},
pages={1-8},
keywords={artificial immune systems;electrical products;hazards;maintenance engineering;marine propulsion;marine safety;probability;system recovery;artificial immune algorithm;complex network;current data;electrical equipments;electrical system prognosis;failure data;fault devices;hazard degree;hazard devices;health management;health state;key facility;monitored order;probability;prognostic methodology;reliable implementation;safe sail;simulative data;system failure;vessel propulsion system;Analytical models;Biological system modeling;Biomedical monitoring;Hazards;Immune system;Inductance;Monitoring;artificial immune algorithm;electrical devices;hazard degree;monitored order;prognostic methodology},
doi={10.1109/PHM.2012.6228812},
ISSN={2166-563X},}
@INPROCEEDINGS{6299512,
author={Yangming Guo and Jiezhong Ma and Fan Xiao and Tao Tian},
booktitle={Prognostics and Health Management (PHM), 2012 IEEE Conference on}, title={SVM with optimized parameters and its application to electronic system fault diagnosis},
year={2012},
pages={1-6},
keywords={electronic engineering computing;fault diagnosis;particle swarm optimisation;reliability;safety;support vector machines;CPSO algorithm;SVM;chaos particle swarm optimization;electronic system fault diagnosis;parameter optimization;support vector machine;system reliability;system safety;Accuracy;Chaos;Fault diagnosis;Kernel;Optimization;Particle swarm optimization;Support vector machines;chaos particle swarm optimization (CPSO);electronic system;fault diagnosis;support vector machine (SVM)},
doi={10.1109/ICPHM.2012.6299512},}
@INPROCEEDINGS{6228839,
author={Weizhong Yan},
booktitle={Prognostics and System Health Management (PHM), 2012 IEEE Conference on}, title={On reducing feature dimensionality for partial discharge diagnosis applications},
year={2012},
pages={1-7},
keywords={aircraft;learning (artificial intelligence);principal component analysis;PCA;aircraft wiring fault detection;cluster-based LDA;feature dimensionality reduction;linear discriminant analysis;machine learning;partial discharge diagnosis applications;principal component analysis;prognostics and health management applications;supervised linear transformation;unsupervised method;Handheld computers;Heating;Wires;fault detection and diagnosis;feature dimensionality reduction;feature selection;feature transformation;linear discriminant analysis;partial discharge diagnosis},
doi={10.1109/PHM.2012.6228839},
ISSN={2166-563X},}
@INPROCEEDINGS{5747595,
author={Luchinsky, D.G. and Hafiychu, V. and Smelyanskiy, V. and Hanson, J.M. and Hill, A.D. and Werkheiser, M.},
booktitle={Aerospace Conference, 2011 IEEE}, title={Diagnostics and prognostics for stage separation failure},
year={2011},
pages={1-7},
keywords={aircraft maintenance;combustion;failure analysis;fault diagnosis;impact (mechanical);nozzles;space vehicles;engine start up;engineering assessment;fault diagnostics;fault evolution failure;impact-induced torque;nozzle extension;plume loading;prognosis;quasisteady burning regime;stage separation failure;structural dynamics;thrust;vertically stacked space vehicle;yielding;Aerodynamics;Engines;Load modeling;Mathematical model;Torque;Vehicle dynamics;Vehicles},
doi={10.1109/AERO.2011.5747595},
ISSN={1095-323X},}
@INPROCEEDINGS{5572336,
author={Feng Tianle and Zhao Jianmin},
booktitle={Information Science and Management Engineering (ISME), 2010 International Conference of}, title={SVM-PHM: A Novel Method for Remaining Useful Life Prediction},
year={2010},
volume={1},
pages={369-372},
keywords={data analysis;decision making;fault diagnosis;forecasting theory;hazards;life testing;maintenance engineering;regression analysis;support vector machines;SVM;failure avoidance;forecasting method;maintenance management;proportional hazards model;remaining useful life prediction;support vector machine;Data models;Engines;Hazards;Iron;Predictive models;Prognostics and health management;Support vector machines;outlier detection;prediction;proportional hazards model;remaining useful life;sdupport vector machine},
doi={10.1109/ISME.2010.214},}
@INPROCEEDINGS{5414580,
author={Wang, Dong and Qiang Miao},
booktitle={Prognostics and Health Management Conference, 2010. PHM '10.}, title={On-line automatic early fault detection of rotating machinery},
year={2010},
pages={1-5},
keywords={decision making;fault diagnosis;gears;hidden Markov models;maintenance engineering;remaining life assessment;wavelet transforms;gearbox;hidden Markov model;machinery deterioration;maintenance decision-making;online automatic early fault detection;performance degradation assessment;remaining useful life estimation;rotating machinery;wavelet lifting scheme;Degradation;Fault detection;Fault diagnosis;Gears;Hidden Markov models;Industrial electronics;Machinery;Maintenance;Vibrations;Wavelet transforms;hidden Markov model;performance degradation assessment;remaining useful life;wavelet lifting scheme},
doi={10.1109/PHM.2010.5414580},}
@INPROCEEDINGS{6113902,
author={Sloan, J.C. and Khoshgoftaar, T.M.},
booktitle={High-Assurance Systems Engineering (HASE), 2011 IEEE 13th International Symposium on}, title={Ensemble Coordination for Discrete Event Control},
year={2011},
pages={227-235},
keywords={Petri nets;discrete event systems;granular computing;graph theory;turbines;Petri net graphs;distributed discrete event control;ensemble coordination;fault detection;health management;independent processes;ocean turbine prototype;prognosis;rendezvous synchronization;stream processing;Actuators;Oceans;Petri nets;Prognostics and health management;Safety;Synchronization;Turbines;Petri nets;discrete event control;distributed control;ensemble coordination;ensemble evolution},
doi={10.1109/HASE.2011.26},
ISSN={1530-2059},}
@INPROCEEDINGS{4711428,
author={Peysson, F. and Ouladsine, M. and Outbib, R. and Leger, J.-B. and Myx, O. and Allemand, C.},
booktitle={Prognostics and Health Management, 2008. PHM 2008. International Conference on}, title={Damage trajectory analysis based prognostic},
year={2008},
pages={1-8},
keywords={condition monitoring;fault diagnosis;preventive maintenance;corrective maintenance;damage trajectory analysis based prognostic;prediction method;preventive maintenance;Availability;Condition monitoring;Costs;Large scale integration;Mathematical model;Prediction methods;Predictive maintenance;Preventive maintenance;Prognostics and health management;Trajectory;Maintenance;Prediction methods},
doi={10.1109/PHM.2008.4711428},}
@INPROCEEDINGS{877920,
author={Engel, S.J. and Gilmartin, B.J. and Bongort, K. and Hess, A.},
booktitle={Aerospace Conference Proceedings, 2000 IEEE}, title={Prognostics, the real issues involved with predicting life remaining},
year={2000},
volume={6},
pages={457-469 vol.6},
keywords={aerospace expert systems;aircraft maintenance;aircraft testing;condition monitoring;fault diagnosis;helicopters;uncertainty handling;PDF;SH-60 helicopter gearbox;accuracy;component failure;condition-based maintenance;confidence;failure distributions;fused predictions;just-in-time line;nonstationary nature;precision;prognostics;random variables;remaining life prediction;uncertainty;Aerodynamics;Biographies;Extrapolation;Helicopters;Life estimation;Physics;Propulsion;Random variables;Rivers;Uncertainty},
doi={10.1109/AERO.2000.877920},
ISSN={1095-323X},}
@ARTICLE{6190767,
author={Tobon-Mejia, D.A. and Medjaher, K. and Zerhouni, N. and Tripot, G.},
journal={Reliability, IEEE Transactions on}, title={A Data-Driven Failure Prognostics Method Based on Mixture of Gaussians Hidden Markov Models},
year={2012},
volume={61},
number={2},
pages={491-503},
keywords={Gaussian processes;condition monitoring;costing;failure analysis;fault diagnosis;feature extraction;hidden Markov models;learning (artificial intelligence);machine bearings;parameter estimation;preventive maintenance;reliability;remaining life assessment;security;wavelet transforms;MoG-HMM;NASA prognostics data repository;RUL value;WPD coefficient;WPD technique;bearings;condition based maintenance;confidence value;corrective maintenance;data-driven failure prognostics method;degradation phenomenon;failure occurrence;feature extraction;health state;human resource;industrial system;learning algorithm;maintenance cost;maintenance policy;mixture of Gaussians hidden Markov model;off-line phase;on-line phase;parameter estimation;physical component;preventive maintenance;reliability;remaining useful life;security;sensor;time-feature prognostics;wavelet packet decomposition;Analytical models;Data models;Degradation;Hidden Markov models;Maintenance engineering;Mathematical model;Monitoring;Condition monitoring;hidden Markov model;prognostics and health management;remaining useful life},
doi={10.1109/TR.2012.2194177},
ISSN={0018-9529},}
@INPROCEEDINGS{6228826,
author={Junwei Di and Zhanbao Gao and Limei Zhang},
booktitle={Prognostics and System Health Management (PHM), 2012 IEEE Conference on}, title={PHM framework design based on data warehouse},
year={2012},
pages={1-5},
keywords={competitive intelligence;condition monitoring;data mining;data warehouses;machinery;maintenance engineering;mechanical engineering computing;MIMOSA standard;PHM framework design;PHM offboard system design;business intelligence;data management technology;data mining;data quality;data warehouse;decision support;equipment health assessment;equipments maintenance;fault frequency;heterogeneous legacy system;machinery information management open system alliance;maintenance identification;off-board PHM system design process;online analytical processing;operational data store;prognostics and health management;scheduling;self-adaptive means system;MIMOSA;data warehouse;design pattern;prognostics and health management},
doi={10.1109/PHM.2012.6228826},
ISSN={2166-563X},}
@INPROCEEDINGS{6024332,
author={Das, S. and Hall, R. and Herzog, S. and Harrison, G. and Bodkin, M.},
booktitle={Prognostics and Health Management (PHM), 2011 IEEE Conference on}, title={Essential steps in prognostic health management},
year={2011},
pages={1-9},
keywords={computerised numerical control;cutting tools;fault diagnosis;machinery;maintenance engineering;milling machines;neural nets;production engineering computing;wear;cutter wear;fault diagnosis;high speed face milling CNC cutter;neural network model;prognostic health management systems;raw sensor data;useful machinery life;Feature extraction;Hidden Markov models;Machinery;Maintenance engineering;Milling;Prognostics and health management;Vibrations;CNC Milling cutters;Condition Indicators;Neural Network;Prognostic Health Management},
doi={10.1109/ICPHM.2011.6024332},}
@INPROCEEDINGS{4585821,
author={Bin Lu and Durocher, D.B. and Stemper, P.},
booktitle={Pulp and Paper Industry Technical Conference, 2008. PPIC 2008. Conference Record of 2008 54th Annual}, title={Online and nonintrusive continuous motor energy and condition monitoring in process industries},
year={2008},
pages={18-26},
keywords={condition monitoring;energy conservation;fault diagnosis;preventive maintenance;condition monitoring;energy efficiency estimation;fault detection;industrial process;nonintrusive continuous motor energy;online energy efficiency evaluation;predictive maintenance;Condition monitoring;Electric motors;Electrical products industry;Energy efficiency;Induction motors;Job shop scheduling;Packaging;Predictive maintenance;Preventive maintenance;USA Councils;Preventive maintenance;bearing failure;energy efficiency;fault diagnostics;predictive maintenance},
doi={10.1109/PAPCON.2008.4585821},
ISSN={0190-2172},}
@INPROCEEDINGS{6299507,
author={Gasperin, M. and Juricic, D. and Boskoski, P.},
booktitle={Prognostics and Health Management (PHM), 2012 IEEE Conference on}, title={Prediction of the remaining useful life: An integrated framework for model estimation and failure prognostics},
year={2012},
pages={1-8},
keywords={Kalman filters;condition monitoring;expectation-maximisation algorithm;gears;machinery production industries;particle filtering (numerical methods);reliability;state estimation;state-space methods;RUL prediction;dynamical state-space model;expectation-maximization algorithm;fault evolution;linear black-box model;machine failure prognostic;maximum-likelihood parameter estimation;model estimation;model parameter;nonlinear model;particle filter;probability density function;remaining useful life prediction;single stage gearbox;state estimation algorithm;unscented Kalman filter;Approximation methods;Computational modeling;Estimation;Mathematical model;Predictive models;Vectors;Yttrium},
doi={10.1109/ICPHM.2012.6299507},}
@INPROCEEDINGS{5393625,
author={Pandian, A. and Ali, A.},
booktitle={Nature Biologically Inspired Computing, 2009. NaBIC 2009. World Congress on}, title={A review of recent trends in machine diagnosis and prognosis algorithms},
year={2009},
pages={1731-1736},
keywords={automobile industry;condition monitoring;failure analysis;production equipment;automotive assembly system;failure avoidance;fault condition monitoring;light indicators;low lubrication levels;low pressure levels;machine breakdown;machine diagnosis;machine prognosis;robotic assembly process;Assembly systems;Automotive engineering;Condition monitoring;Economic indicators;Electric breakdown;Environmental economics;Fault diagnosis;Lubrication;Manufacturing;Robotic assembly;BIW;FMEA;Markov process;artificial intelligence;autoregressive;failure modes;genetic algorithm;robotic welding},
doi={10.1109/NABIC.2009.5393625},}
@INPROCEEDINGS{5547651,
author={Brown, D. and Bole, B. and Vachtsevanos, G.},
booktitle={Control Automation (MED), 2010 18th Mediterranean Conference on}, title={A prognostics enhanced reconfigurable control architecture},
year={2010},
pages={1061-1066},
keywords={asymptotic stability;control system synthesis;fault diagnosis;fault tolerance;predictive control;production control;remaining life assessment;absolute boundary conditions;asymptotic stability;control effort;control law;fault-tolerant control design;hard constraint;model predictive control;nominal system dynamics;performance requirement;production controller;prognostic constraint;prognostic information;prognostics enhanced reconfigurable control architecture;quadratic cost function;remaining useful life;soft constraint;tracking error;Asymptotic stability;Cost function;Insulation;Optimal control;Thermal stability;Windings},
doi={10.1109/MED.2010.5547651},}
@ARTICLE{5747204,
author={Eker, O.F. and Camci, F. and Guclu, A. and Yilboga, H. and Sevkli, M. and Baskan, S.},
journal={Industrial Electronics, IEEE Transactions on}, title={A Simple State-Based Prognostic Model for Railway Turnout Systems},
year={2011},
volume={58},
number={5},
pages={1718-1726},
keywords={hidden Markov models;maintenance engineering;railway safety;data collection;electromechanical systems;failure progression detection;failure progression forecasting;hidden-Markov-model-based methods;model validation strategies;railway infrastructure;railway transportation;railway turnout systems;simple state-based prognostic model;Data models;Degradation;Hidden Markov models;Maintenance engineering;Rail transportation;Rails;Time series analysis;Diagnostic expert system;failure analysis;fault diagnosis;forecasting;prognostics;rail transportation maintenance;railway turnouts;remaining useful life estimation;time series},
doi={10.1109/TIE.2010.2051399},
ISSN={0278-0046},}
@INPROCEEDINGS{6023116,
author={Li Wen-hai and Wang Yi-ping and Shang Yong-shuang and Yin De-qiang},
booktitle={Electronic and Mechanical Engineering and Information Technology (EMEIT), 2011 International Conference on}, title={Research on health assessment based on Hidden Markov Model},
year={2011},
volume={8},
pages={4330-4332},
keywords={condition monitoring;fault diagnosis;health care;hidden Markov models;medical signal detection;HMM;condition based maintenance decision;fault signals;health assessment;health management;health status estimation;hidden Markov model;prognostic management;Conferences;Degradation;Hidden Markov models;Monitoring;Speech recognition;Stochastic processes;Training;DC power;Hidden Markov Model;Prognostic and Health Management;health assessment;maintenance decision},
doi={10.1109/EMEIT.2011.6023116},}
@INPROCEEDINGS{6024361,
author={Chao Hu and Youn, B.D. and Pingfeng Wang},
booktitle={Prognostics and Health Management (PHM), 2011 IEEE Conference on}, title={Ensemble of data-driven prognostic algorithms for robust prediction of remaining useful life},
year={2011},
pages={1-10},
keywords={fault diagnosis;life testing;optimisation;accuracy-based weighting;algorithm selection;data-driven prognostic algorithm;diversity-based weighting;k-fold cross validation;multiple candidate algorithm;optimization-based weighting;robust prediction;testing data set;training data set;weighted-sum formulation;Accuracy;Algorithm design and analysis;Degradation;Prediction algorithms;Robustness;Testing;Training;K-fold cross validation;RUL prediction;data-driven prognostics;ensemble;weighting schemes},
doi={10.1109/ICPHM.2011.6024361},}
@INPROCEEDINGS{5939548,
author={Jia Baohui and Wang Yuxin and Yang Zheng-qing},
booktitle={Prognostics and System Health Management Conference (PHM-Shenzhen), 2011}, title={The research of data mining in AHM technology based on association rule},
year={2011},
pages={1-8},
keywords={aircraft maintenance;data mining;decision support systems;reliability;AHM technology;aircraft health management system;airline maintenance data;association rule mining;data mining;maintenance decision support system;research object;Aircraft;Cleaning;aircraft health management;association rule;data mining;frequent itemset},
doi={10.1109/PHM.2011.5939548},}
@INPROCEEDINGS{1506781,
author={Yu-Chuan Su and Fan-Tien Cheng and Min-Hsiung Hung and Yen-Chang Lin and Rung-Chuan Lin},
booktitle={Automation Science and Engineering, 2005. IEEE International Conference on}, title={Design and implementation of an intelligent prognostics system},
year={2005},
pages={273-278},
keywords={diagnostic expert systems;embedded systems;fault diagnosis;liquid crystal displays;maintenance engineering;semiconductor device manufacture;TFT-LCD manufacturing;equipment fault detection;generic embedded devices;intelligent prognostics system;interface A;predictive maintenance scheme;semiconductor industry e-diagnostics;semiconductor manufacturing;Electronics industry;Fault detection;Intelligent manufacturing systems;Intelligent networks;Intelligent systems;Metrology;Predictive maintenance;Production facilities;Semiconductor device manufacture;Sputtering},
doi={10.1109/COASE.2005.1506781},}
@INPROCEEDINGS{1656121,
author={Marble, S. and Morton, B.P.},
booktitle={Aerospace Conference, 2006 IEEE}, title={Predicting the remaining life of propulsion system bearings},
year={2006},
pages={8 pp.-},
keywords={aerospace engines;aerospace propulsion;fault diagnosis;machine bearings;remaining life assessment;bearing prognostics;bearing spall progression;diagnostic feedback;fault progression;incipient fault;physics-based model;prediction uncertainty;propulsion system bearings;reduced order model;remaining life prediction;rolling element bearings;spall growth trajectory;spall propagation;spall time to failure;thrust bearings;turbine engine bearings;Engines;Fault detection;Feedback;Predictive models;Propulsion;Rolling bearings;Testing;Trajectory;Turbines;Uncertainty},
doi={10.1109/AERO.2006.1656121},}
@INPROCEEDINGS{1656116,
author={Goebel, K. and Eklund, N. and Bonanni, P.},
booktitle={Aerospace Conference, 2006 IEEE}, title={Fusing competing prediction algorithms for prognostics},
year={2006},
pages={10 pp.-},
keywords={aerospace engines;fault diagnosis;machine bearings;regression analysis;remaining life assessment;aircraft engines;cage failure;competing prediction algorithms;damage creation;damage growth;damage threshold;fault initiation;fault propagation;material properties;mechanical response;remaining life estimation;rig test;thermodynamic response;Aerospace materials;Aircraft propulsion;Fuses;Life estimation;Material properties;Materials testing;Physics;Prediction algorithms;Robustness;Thermodynamics},
doi={10.1109/AERO.2006.1656116},}
@INPROCEEDINGS{6175481,
author={Galar, D. and Kumar, U. and Yuan Fuqing},
booktitle={Reliability and Maintainability Symposium (RAMS), 2012 Proceedings - Annual}, title={RUL prediction using moving trajectories between SVM hyper planes},
year={2012},
pages={1-6},
keywords={artificial intelligence;computer maintenance;condition monitoring;data analysis;data mining;fault diagnosis;pattern classification;support vector machines;CM data;CMMS;RUL prediction techniques;SVM classifiers;SVM hyper planes;artificial intelligence;bearings;businesses and researchers;classification;complex system prognostics;computer maintenance management system;computing performance;condition monitoring;data generating process;data mining;database technology;degradation process;density estimation method;engineering systems;engineering variance;environmental conditions;historical data;intelligent data analysis;knowledge discovery;maintenance actions;manufacturer recommendations;mechanical systems;monotonic progression pattern;moving trajectories;multiple RUL estimations;parametric methods;prognostic applications;quality data;remaining useful life;system degradation behaviors;unidentified fault modes;unmeasured operational conditions;Degradation;Estimation;Feature extraction;Kernel;Maintenance engineering;Support vector machines;Trajectory;RUL;SVM;degradation speed;features;maintenance},
doi={10.1109/RAMS.2012.6175481},
ISSN={0149-144X},}
@INPROCEEDINGS{4526619,
author={Shepherd, D. and Hollos, A.},
booktitle={Aerospace Conference, 2008 IEEE}, title={Reasoning Systems for Diagnostics and Prognostics},
year={2008},
pages={1-11},
keywords={aerospace computing;diagnostic reasoning;fault diagnosis;maintenance engineering;automated diagnostic methods;fault condition;optimal maintenance strategy;prognostic purposes;reasoning systems;Artificial intelligence;Biographies;Biomedical signal processing;Costs;Fault detection;Fault diagnosis;Information analysis;Maintenance;Military aircraft;Signal processing},
doi={10.1109/AERO.2008.4526619},
ISSN={1095-323X},}
@INPROCEEDINGS{5939530,
author={Liu Datong and Peng Yu and Xiyuan, P.},
booktitle={Prognostics and System Health Management Conference (PHM-Shenzhen), 2011}, title={Online adaptive status prediction strategy for data-driven fault prognostics of complex systems},
year={2011},
pages={1-6},
keywords={accident prevention;aircraft maintenance;condition monitoring;fault diagnosis;large-scale systems;neural nets;prediction theory;probability;regression analysis;remaining life assessment;support vector machines;time series;TE process fault data prove;accident probability;artificial neural network;complex system;computational intelligence method;computing technology;data driven fault prognostics;fault prediction;forecasting method;health management system;historical test data;industrial field;maintenance cost;model-based method;multiscale reconstruction strategy;multiscale submodel;offline prediction efficiency;online adaptive status prediction strategy;online fault status prediction strategy;online prediction method;online support vector regression;real-time application;real-time processing;remaining useful life estimation;sampling frequency;status monitoring;system maintenance;time series;Atmospheric modeling;Computational modeling;Indexes;Integrated circuits;Prediction algorithms;Predictive models;Time frequency analysis;Adaptive Prediction Strategy;Data-Driven Fault Prognostics;Online Fault Prediction;Online Support Vector Regression},
doi={10.1109/PHM.2011.5939530},}
@INPROCEEDINGS{4350749,
author={Zhang Lei and Li Xingshan and Yu Jinsong and Gao ZhanBao},
booktitle={Electronic Measurement and Instruments, 2007. ICEMI '07. 8th International Conference on}, title={A Genetic Training Algorithm of Wavelet Neural Networks for Fault Prognostics in Condition Based Maintenance},
year={2007},
pages={2-584-2-589},
keywords={condition monitoring;fault diagnosis;genetic algorithms;maintenance engineering;wavelet transforms;condition based maintenance;fault prognostics;genetic training algorithm;wavelet neural networks;Artificial neural networks;Availability;Condition monitoring;Costs;Feature extraction;Genetic algorithms;Instruments;Life estimation;Maintenance;Neural networks;Condition based maintenance;fault prognostics;genetic algorithm;wavelet neural networks},
doi={10.1109/ICEMI.2007.4350749},}
@INPROCEEDINGS{6150228,
author={Zhang Lei},
booktitle={Intelligent Computation Technology and Automation (ICICTA), 2012 Fifth International Conference on}, title={A Multivariate Relevance Vector Machine Based Algorithm for On-Line Fault Prognostic Application with Multiple Fault Features},
year={2012},
pages={26-32},
keywords={iterative methods;learning (artificial intelligence);particle filtering (numerical methods);time series;MRVM;data-driven fault prognostic;long term prediction;matrix partitioning technique;multiple fault features;multivariate relevance vector machine;on-line fault prognostic application;on-line learning;particle filter technique;short term prediction;sliding window technique;time series iterative multi-step prediction;Accuracy;Algorithm design and analysis;Mathematical model;Prediction algorithms;Time series analysis;Uncertainty;Vectors;Monte Carlo sampling;fault prognostics;particle filtering;prognostics and health management;relevance vector machine},
doi={10.1109/ICICTA.2012.14},}
@INPROCEEDINGS{5304177,
author={Daogang Peng and Hao Zhang and Jiannian Weng and Fei Xia},
booktitle={Image and Signal Processing, 2009. CISP '09. 2nd International Congress on}, title={Research of the Embedded Data Pre-Processing and Fault Prognostics System for Turbine-Generator Units},
year={2009},
pages={1-5},
keywords={condition monitoring;data acquisition;embedded systems;fault diagnosis;turbogenerators;condition monitoring;data acquisition;embedded data pre-processing;embedded system;fault prognostics system;threshold data analysis;turbine-generator units;Computer industry;Condition monitoring;Data acquisition;Data analysis;Distributed power generation;Embedded computing;Embedded system;Energy consumption;Power generation;Power system reliability},
doi={10.1109/CISP.2009.5304177},}
@INPROCEEDINGS{1241660,
author={Kwan, C. and Zhang, X. and Xu, R. and Haynes, L.},
booktitle={Robotics and Automation, 2003. Proceedings. ICRA '03. IEEE International Conference on}, title={A novel approach to fault diagnostics and prognostics},
year={2003},
volume={1},
pages={604-609 vol.1},
keywords={fault location;fault simulation;hidden Markov models;machine testing;fault diagnostics;fault prognostics;hidden Markov model;rotating shaft testbed;Aircraft;Automation;Failure analysis;Fault diagnosis;Hidden Markov models;Inspection;Laboratories;Safety;Shafts;Testing},
doi={10.1109/ROBOT.2003.1241660},
ISSN={1050-4729},}
@INPROCEEDINGS{5287750,
author={Yuping Cao and Xuemin Tian},
booktitle={Intelligent Computation Technology and Automation, 2009. ICICTA '09. Second International Conference on}, title={An Adaptive UKF Algorithm for Process Fault Prognostics},
year={2009},
volume={2},
pages={487-490},
keywords={adaptive Kalman filters;chemical industry;chemical reactors;covariance matrices;fault diagnosis;maintenance engineering;state estimation;Kalman gain;adaptive UKF algorithm;continuous stirred tank reactor;error covariance matrices;measurement innovation series;nonlinear process fault prognostics;output prediction error;posterior state estimate error;prior state estimate error;Computational modeling;Continuous-stirred tank reactor;Covariance matrix;Estimation error;Gain measurement;Kalman filters;Predictive models;Recursive estimation;State estimation;Technological innovation;adaptive unscented Kalman filter;error covariance matrices;nonlinear system prediction;process fault prognostics},
doi={10.1109/ICICTA.2009.352},}
@INPROCEEDINGS{1470385,
author={Xiaodong Zhang and Xu, R. and Chiman Kwan and Liang, S.Y. and Qiulin Xie and Haynes, L.},
booktitle={American Control Conference, 2005. Proceedings of the 2005}, title={An integrated approach to bearing fault diagnostics and prognostics},
year={2005},
pages={2750-2755 vol. 4},
keywords={computerised monitoring;condition monitoring;fault diagnosis;hidden Markov models;machine bearings;maintenance engineering;principal component analysis;stochastic processes;PCA;adaptive stochastic fault prediction model;bearing fault diagnostics;bearing health monitoring;condition-based maintenance;fault prognostics;hidden Markov model;principal component analysis;principal signal features extraction;Condition monitoring;Data mining;Degradation;Feature extraction;Hidden Markov models;Predictive models;Principal component analysis;Signal generators;Stochastic processes;Testing},
doi={10.1109/ACC.2005.1470385},
ISSN={0743-1619},}
@INPROCEEDINGS{1524710,
author={Li Liu and Logan, Kevin P. and Cartes, D.A.},
booktitle={Electric Ship Technologies Symposium, 2005 IEEE}, title={Fault detection, diagnostics, and prognostics: software agent solutions},
year={2005},
pages={425-431},
keywords={electric motors;electric vehicles;fault diagnosis;maintenance engineering;multi-agent systems;power engineering computing;reliability;ships;software agents;electric motors;fault detection;fault diagnostics;fault prognostics;navy all-electric ships;predictive maintenance;software agent;software multiagents;Application software;Availability;Electric motors;Electrical fault detection;Fault detection;Fault diagnosis;Marine vehicles;Predictive maintenance;Software agents;Software systems},
doi={10.1109/ESTS.2005.1524710},}
@ARTICLE{4273732,
author={Li Liu and Logan, Kevin P. and Cartes, D.A. and Srivastava, S.K.},
journal={Vehicular Technology, IEEE Transactions on}, title={Fault Detection, Diagnostics, and Prognostics: Software Agent Solutions},
year={2007},
volume={56},
number={4},
pages={1613-1622},
keywords={electric vehicles;fault diagnosis;multi-agent systems;naval engineering computing;ships;fault detection;fault diagnostics;fault prognostics;navy all-electric ships;predictive maintenance;software multiagents;Application software;Availability;Fault detection;Fault diagnosis;Humans;Marine vehicles;Multiagent systems;Predictive maintenance;Software agents;Software systems;Diagnostics;electric ship;fault detection;multiagent system (MAS);prognostics},
doi={10.1109/TVT.2007.897219},
ISSN={0018-9545},}
@INPROCEEDINGS{6299545,
author={Boskoski, P. and Gasperin, M. and Petelin, D.},
booktitle={Prognostics and Health Management (PHM), 2012 IEEE Conference on}, title={Bearing fault prognostics based on signal complexity and Gaussian process models},
year={2012},
pages={1-8},
keywords={Gaussian processes;condition monitoring;machine bearings;machinery production industries;normal distribution;production engineering computing;reliability;signal processing;Gaussian process model;IEEE PHM 2012 Prognostic Challenge;RUL estimation;bearing condition;bearing fault prognostics;mean;nonparametric black-box model;normal distribution;remaining useful life;signal complexity;statistical complexity;variance;Brain models;Complexity theory;Data models;Entropy;Feature extraction;Vibrations},
doi={10.1109/ICPHM.2012.6299545},}
@INPROCEEDINGS{5747584,
author={Leão, B.P. and Gomes, J.P.P. and Yoneyama, T.},
booktitle={Aerospace Conference, 2011 IEEE}, title={Improvements on the offline performance evaluation of fault prognostics methods},
year={2011},
pages={1-6},
keywords={condition monitoring;failure analysis;fault diagnosis;probability;transforms;fault prognostics method;offline performance evaluation method;probability integral transform;Indexes;Performance evaluation;Probability distribution;Prognostics and health management;Transforms;Uncertainty},
doi={10.1109/AERO.2011.5747584},
ISSN={1095-323X},}
@INPROCEEDINGS{6058755,
author={Datong Liu and Shaojun Wang and Yu Peng and Xiyuan Peng},
booktitle={AUTOTESTCON, 2011 IEEE}, title={On-line adaptive data-driven fault prognostics of complex systems},
year={2011},
pages={166-173},
keywords={computational complexity;computerised instrumentation;regression analysis;sensors;support vector machines;PHM systems;TE process;Tennessee Eastman process;adaptive prediction strategy;complex systems;computational complexity;data-driven forecasting methods;historical test data;on-line adaptive data-driven fault prognostics;on-line data reduction;on-line status prediction;online SVR;prognostic and health management application;sensor;traffic mobile communication data;Algorithm design and analysis;Forecasting;Kernel;Monitoring;Prediction algorithms;Predictive models;Time series analysis;Adaptive Prediction Strategy;Data-Driven Prognostics;Online Prediction;Online SVR},
doi={10.1109/AUTEST.2011.6058755},
ISSN={1088-7725},}
@INPROCEEDINGS{4161637,
author={Lybeck, N. and Marble, S. and Morton, B.},
booktitle={Aerospace Conference, 2007 IEEE}, title={Validating Prognostic Algorithms: A Case Study Using Comprehensive Bearing Fault Data},
year={2007},
pages={1-9},
keywords={aerospace engineering;aircraft maintenance;computerised monitoring;condition monitoring;fault diagnosis;machine bearings;program verification;remaining life assessment;vibrations;bearing failure progressions;bearing fault data;diagnostic severity metric;fault-to-failure progression data;future spall propagation;model-based prediction;oil debris monitoring;predictive prognostics;prognostic algorithms;remaining useful life;vibration monitoring;vibration-based diagnostic metrics;Aircraft propulsion;Condition monitoring;Inspection;Mechanical sensors;Petroleum;Predictive models;Sensor systems;State estimation;Testing;Vibrations},
doi={10.1109/AERO.2007.352842},
ISSN={1095-323X},}
@INPROCEEDINGS{6299511,
author={Benkedjouh, T. and Medjaher, K. and Zerhouni, N. and Rechak, S.},
booktitle={Prognostics and Health Management (PHM), 2012 IEEE Conference on}, title={Fault prognostic of bearings by using support vector data description},
year={2012},
pages={1-7},
keywords={condition monitoring;fault diagnosis;life testing;machine bearings;minimisation;principal component analysis;production engineering computing;signal classification;support vector machines;PCA;accelerated life test;bearing degradation;bearings fault prognostic;bearings health condition;dimensionality reduction;health indicator;pattern recognition method;principal component analysis;remaining useful life estimation;structural risk minimization principle;support vector data description;vibration signal monitoring;Degradation;Estimation;Feature extraction;Kernel;Principal component analysis;Support vector machines;Vibrations;Condition-Based Maintenance;Diagnostic;Feature extraction and reduction;Prognostic;Remaining Useful Life;Support Vector Data Description},
doi={10.1109/ICPHM.2012.6299511},}
@INPROCEEDINGS{6228954,
author={Lau, B.C.P. and Ma, E.W.M. and Pecht, M.},
booktitle={Prognostics and System Health Management (PHM), 2012 IEEE Conference on}, title={Review of offshore wind turbine failures and fault prognostic methods},
year={2012},
pages={1-5},
keywords={condition monitoring;fault diagnosis;maintenance engineering;offshore installations;power generation economics;power generation reliability;wind power plants;wind turbines;CONMOW;condition monitoring;cost effective maintenance strategy;fault prognostic methods;maintenance costs;offshore wind turbine failures;operation costs;quality design;Failures;Hidden Markov Model;Neural Networks;Offshore Wind Turbine;Particle Filter;Prognostics},
doi={10.1109/PHM.2012.6228954},
ISSN={2166-563X},}
@INPROCEEDINGS{6237262,
booktitle={Industrial Electronics (ISIE), 2012 IEEE International Symposium on}, title={Fault detection, diagnostics and prognostics in electromechanical devices},
year={2012},
pages={1214-1216},
doi={10.1109/ISIE.2012.6237262},
ISSN={2163-5137},}
@INPROCEEDINGS{5464512,
author={Lall, P. and Gupta, P. and Angral, A.},
booktitle={Thermal, Mechanical Multi-Physics Simulation, and Experiments in Microelectronics and Microsystems (EuroSimE), 2010 11th International Conference on}, title={Anomaly detection and fault-mode isolation for prognostics health monitoring of electronics subjected to drop and shock},
year={2010},
pages={1-14},
keywords={Karhunen-Loeve transforms;alloys;built-in self test;chip scale packaging;cracks;fault diagnosis;finite element analysis;pattern classification;vibrations;Bayesian distance classifier;Euclidean distance classifier;Karhunen LoeÂ¿ve transform;Mahalanobis distance classifier;SAC105 alloy;SAC305 alloy;anomaly detection;built-in self test;chip cracking;chip delamination;chip-scale packages;continuity monitoring;daisy-chained packages;damage pre-cursors measurement;digital image correlation;drop;electronic assemblies;electronics;explicit finite element models;failure identification;failure mode classification;fault diagnosis;fault mode classification;fault-mode isolation;feature extraction technique;feature reduction;feature vector de-correlation;joint-time frequency domain;leadfree second-level interconnects;packaging architectures;pattern classifiers;prognostics health monitoring;reactive failure detection;reliability;residual life;shock;solder inter-connect failure;transient strain;vibration;Built-in self-test;Condition monitoring;Electric shock;Electronic equipment testing;Electronics packaging;Fault detection;Fault diagnosis;Feature extraction;Frequency domain analysis;Strain measurement},
doi={10.1109/ESIME.2010.5464512},}
@INPROCEEDINGS{5984485,
booktitle={Industrial Electronics (ISIE), 2011 IEEE International Symposium on}, title={Fault detection, diagnostics and prognostics in electromechanical devices},
year={2011},
pages={2103-2104},
doi={10.1109/ISIE.2011.5984485},
ISSN={Pending},}
@INPROCEEDINGS{6016384,
author={Kirillov, A. and Kirillova, O. and Kirillov, S.},
booktitle={Advanced Computer Control (ICACC), 2011 3rd International Conference on}, title={Algorithmic method of analysis of time series data for definition of prognostic parameters of engine fault},
year={2011},
pages={138-142},
keywords={acoustic signal processing;data analysis;entropy;failure analysis;fault diagnosis;internal combustion engines;mechanical engineering computing;time series;vibrations;wavelet transforms;Kolmogorov complexity;algorithmic method;computing program;discrete series;engine fault;entropy;failure prediction;internal combustion engines;preventive diagnostics;prognostic parameters;time series data analysis;vibration signals;wavelet coefficient sequence;Engines;Gold;Zirconium;Kolmogorov complexity;engine;entropy;fault prognosis;preventive diagnostics},
doi={10.1109/ICACC.2011.6016384},}
@INPROCEEDINGS{5262871,
author={Jihong Yan and Chaozhong Guo},
booktitle={Automation and Logistics, 2009. ICAL '09. IEEE International Conference on}, title={A FCM-weighted markov model for remaining life prediction},
year={2009},
pages={493-497},
keywords={Markov processes;eigenvalues and eigenfunctions;fault diagnosis;fuzzy set theory;maintenance engineering;pattern clustering;reliability theory;remaining life assessment;Bently-RK4 rotor unbalance test-bed;FCM-weighted Markov model;eigenvalue level theory;fault prognostics;fuzzy c-means algorithm;maintenance engineering;multisample prediction;performance degradation;reliability theory;remaining life prediction;Artificial intelligence;Costs;Degradation;Fatigue;Maintenance;Neural networks;Predictive models;Probability;Statistical analysis;Steel;FCM;Remaining life Prediction;Weighted Markov model},
doi={10.1109/ICAL.2009.5262871},}
@INPROCEEDINGS{4161655,
author={Guangfan Zhang and Vachtsevanos, G.},
booktitle={Aerospace Conference, 2007 IEEE}, title={A Methodology for Optimum Sensor Localization/Selection in Fault Diagnosis},
year={2007},
pages={1-8},
keywords={failure analysis;fault diagnosis;large-scale systems;maintenance engineering;military systems;sensors;complex large-scale system;fault diagnosis;fault diagnostic system;fault prognostic system;fault propagation;graph technique;industrial system;maintenance systems;military system;optimum sensor localization;optimum sensor selection;qualitative analysis tools;quantified directed model;Biosensors;Fault detection;Fault diagnosis;Intelligent sensors;Large-scale systems;Mathematical model;Military computing;Observability;Sensor phenomena and characterization;Sensor systems},
doi={10.1109/AERO.2007.352878},
ISSN={1095-323X},}
@INPROCEEDINGS{4925841,
author={Hines, J.W. and Garvey, D.R.},
booktitle={Reliability and Maintainability Symposium, 2008. RAMS 2008. Annual}, title={Nonparametric model-based prognostics},
year={2008},
pages={469-474},
keywords={Weibull distribution;failure analysis;fault diagnosis;gas industry;hydraulic systems;regression analysis;remaining life assessment;Weibull model;deep oil exploration;device degradation path;failure threshold;failure times;fault detection;fault prognostic;faults diagnosis;general path model;hydraulic steering system;nonparametric model-based prognostics;nonparametric regression;path-classification-and-estimation model;proportional hazards modeling;remaining useful life;Classification algorithms;Degradation;Fault detection;Hazards;Life estimation;Petroleum;Predictive models;Reliability engineering;Steering systems;Uncertainty;Nonparametric regression;empirical modeling;prognostics},
doi={10.1109/RAMS.2008.4925841},
ISSN={0149-144X},}
@INPROCEEDINGS{5939479,
author={Zou Ke-Xu and Ma Hao-Dong and Fang Hong-Zheng and Yi Da-Wei},
booktitle={Prognostics and System Health Management Conference (PHM-Shenzhen), 2011}, title={Study of prognostics for spacecraft based-on particle swarm optimized neural network},
year={2011},
pages={1-5},
keywords={aircraft maintenance;neural nets;particle swarm optimisation;remaining life assessment;space telemetry;space vehicles;time series;fault characteristics;hidden layers node;inspection information;optimized particle swarm optimization algorithm;particle swarm optimized neural network;power system fault data;real-time downloading;spacecraft fault mode;spacecraft prognostics;telemetry data;telemetry parameter;time series method;Optimization;Prognostics and health management;Space vehicles;Telemetry;neural network;prognostics;spacecraft;swarm optimization;times series method},
doi={10.1109/PHM.2011.5939479},}
@INPROCEEDINGS{6044389,
author={Halligan, G.R. and Thumati, B.T. and Jagannathan, S.},
booktitle={Control Applications (CCA), 2011 IEEE International Conference on}, title={Artificial immune system-based diagnostics and prognostics scheme and its experimental verification},
year={2011},
pages={958-963},
keywords={adaptive control;artificial immune systems;discrete time systems;fault diagnosis;nonlinear control systems;observers;robust control;AIS;FDP;OLAD;TTF;artificial immune system based diagnostics;artificial immune system based prognostics;experimental verification;fault detection;fault diagnostics and prediction;fault dynamics;nonlinear discrete-time systems;observer;online approximator in discrete time;robust adaptive term;time-to-failure;Function approximation;Immune system;Observers;Pistons;Robustness;Tuning},
doi={10.1109/CCA.2011.6044389},}
@ARTICLE{5398833,
author={Thumati, B.T. and Jagannathan, S.},
journal={Neural Networks, IEEE Transactions on}, title={A Model-Based Fault-Detection and Prediction Scheme for Nonlinear Multivariable Discrete-Time Systems With Asymptotic Stability Guarantees},
year={2010},
volume={21},
number={3},
pages={404-423},
keywords={MIMO systems;asymptotic stability;control system synthesis;discrete time systems;fault diagnosis;multivariable control systems;nonlinear control systems;parameter estimation;FD estimator;asymptotic stability;fault diagnosis scheme;fault dynamics;fourth-order MIMO satellite system;model-based fault detection;model-based fault prediction;nonlinear multiple-input-multiple-output discrete-time systems;online approximator in discrete time;robust adaptive terms;time to failure estimation;Asymptotic stability;fault detection (FD);multiple-input–multiple-output (MIMO) nonlinear discrete-time system;prognostics;Algorithms;Artificial Intelligence;Computer Simulation;Humans;Neural Networks (Computer);Nonlinear Dynamics;Predictive Value of Tests;Signal Processing, Computer-Assisted;Time Factors},
doi={10.1109/TNN.2009.2037498},
ISSN={1045-9227},}
@INPROCEEDINGS{5413336,
author={Yueqin Wu and Zhanyong Ren and Zhaoyang Zeng},
booktitle={Prognostics and Health Management Conference, 2010. PHM '10.}, title={Fault diagnosis method based on D-S evidence theory},
year={2010},
pages={1-4},
keywords={condition monitoring;fault diagnosis;machine theory;maintenance engineering;mechanical engineering computing;probability;reliability theory;sensor fusion;uncertainty handling;D-S evidence theory;Dempster-Shafer evidence theory;fault diagnosis;multi-sensor machine diagnosis;probability assignment functions;prognostics;signal processing methods;system health management;Bayesian methods;Character generation;Fault detection;Fault diagnosis;Isolation technology;Maintenance;Prognostics and health management;Sensor fusion;Signal processing;Uncertainty},
doi={10.1109/PHM.2010.5413336},}
@INPROCEEDINGS{5531344,
author={Bin Zhang and Sconyers, C. and Orchard, M. and Patrick, R. and Vachtsevanos, G.},
booktitle={American Control Conference (ACC), 2010}, title={Fault progression modeling: An application to bearing diagnosis and prognosis},
year={2010},
pages={6993-6998},
keywords={condition monitoring;failure analysis;fault location;feature extraction;helicopters;mechanical engineering computing;remaining life assessment;rolling bearings;bearing diagnosis;data preprocessing;failure detection;failure prognosis;fault diagnosis;fault progression modeling;feature extraction;helicopter;integrated architecture;oil cooler bearing;performance metrics;remaining useful life;safety critical systems;system health monitoring;Condition monitoring;Data preprocessing;Fault detection;Fault diagnosis;Feature extraction;Helicopters;Measurement;Petroleum;Predictive models;Safety;Data processing;Failure prognosis;Fault detection;Fault progression modeling;Feature extraction},
ISSN={0743-1619},}
@INPROCEEDINGS{5414589,
author={Dongxiang Jiang and Chao Liu},
booktitle={Prognostics and Health Management Conference, 2010. PHM '10.}, title={Condition classification and tendency prediction for prognostics using feature extraction and reconstruction},
year={2010},
pages={1-7},
keywords={condition monitoring;engines;feature extraction;learning (artificial intelligence);maintenance engineering;mechanical engineering computing;neural nets;pattern classification;transforms;vector quantisation;abnormal state;condition based maintenance;condition monitoring;condition prognostics;equipment condition classification;fault state;feature mapping methods;feature reconstruction;learning vector quantization neural network;maintenance plans;normal state;parameter transforms;tendency prediction;Feature extraction},
doi={10.1109/PHM.2010.5414589},}
@INPROCEEDINGS{4348031,
author={Peng Xiao and Venayagamoorthy, G.K. and Corzine, K.A. and Woodley, R.},
booktitle={Industry Applications Conference, 2007. 42nd IAS Annual Meeting. Conference Record of the 2007 IEEE}, title={Self-Healing Control with Multifunctional Gate Drive Circuits for Power Converters},
year={2007},
pages={1852-1858},
keywords={fault diagnosis;intelligent networks;machine control;motor drives;power convertors;rectifying circuits;double-layer gate drive;electric machinery system;fault diagnostic functions;intelligent networks;multifunctional gate drive circuits;power converters;self-healing control;supervised learning networks;Circuit faults;Costs;Fault diagnosis;Industry applications;Intelligent networks;Job shop scheduling;Power system protection;Self organizing feature maps;Supervised learning;Voltage},
doi={10.1109/07IAS.2007.282},
ISSN={0197-2618},}
@INPROCEEDINGS{6246315,
author={Yigang Wang and Xueliang Hao and Xiaodong Zhu and Fei Ye},
booktitle={Quality, Reliability, Risk, Maintenance, and Safety Engineering (ICQR2MSE), 2012 International Conference on}, title={An approach of software fault detection based on HMM},
year={2012},
pages={644-647},
keywords={fault diagnosis;hidden Markov models;software fault tolerance;HMM;health management;hidden Markov model;software fault detection;software function state;software prognostics;Fault detection;Hidden Markov models;Instruments;Mathematical model;Prognostics and health management;Software;Training;HMM;fault detection;software failure;software fault;software prognostics and health management},
doi={10.1109/ICQR2MSE.2012.6246315},}
@INPROCEEDINGS{1656101,
author={Bock, J.R. and Brotherton, T. and Grabill, P. and Gass, D. and Keller, J.A.},
booktitle={Aerospace Conference, 2006 IEEE}, title={On false alarm mitigation},
year={2006},
pages={15 pp.-},
keywords={aircraft maintenance;computerised monitoring;fault diagnosis;military aircraft;anomaly detection;automated fault detection;complex military vehicles;condition-based maintenance;false alarm mitigation;fault signatures;industrial machines;military aircraft;military asset;prognostics problems;Automation;Condition monitoring;Defense industry;Fault detection;Humans;Machine intelligence;Maintenance;Military aircraft;Notice of Violation;Vehicle detection},
doi={10.1109/AERO.2006.1656101},}
@INPROCEEDINGS{5747564,
author={Byoung Uk Kim and Lynn, C. and Kunst, N. and Vohnout, S. and Goebel, K.},
booktitle={Aerospace Conference, 2011 IEEE}, title={Fault classification with Gauss-Newton optimization and real-time simulation},
year={2011},
pages={1-9},
keywords={Gaussian distribution;aerospace safety;avionics;electromechanical actuators;optimisation;real-time systems;Gauss-Newton optimization;MIL-STD-1553 testbed;anomaly diagnostics;condition-based maintenance;electromechanical actuator;fault characterization;fault classification;flight safety;hardware health;model-based avionic prognostic reasoner;on-board flight computers;real-time detection;real-time simulation;receiver operating characteristic curves;Aerospace electronics;Atmospheric modeling;Data models;Equations;Mathematical model;Monitoring;Support vector machines},
doi={10.1109/AERO.2011.5747564},
ISSN={1095-323X},}
@INPROCEEDINGS{5413560,
author={Ping Xu and Zili Wang and Vue Li},
booktitle={Prognostics and Health Management Conference, 2010. PHM '10.}, title={Prognostics and Health Management (PHM) System requirements and validation},
year={2010},
pages={1-4},
keywords={fault location;maintenance engineering;product life cycle management;PHM system validation;fault detection;fault isolation;fault prognosis;health management;life cycle assessment;prognostics;quantitative assessment;quantitative requirements;Analytical models;Failure analysis;Fault detection;Fault diagnosis;Intelligent sensors;Logistics;Monitoring;Prognostics and health management;Safety;Systems engineering and theory;Experiment;PHM;Requirement;Simulation;Validation},
doi={10.1109/PHM.2010.5413560},}
@INPROCEEDINGS{1569256,
author={Luo, M. and Wang, D. and Pham, M. and Low, C.B. and Zhang, J.-B. and Zhang, D.H. and Zhao, Y.Z.},
booktitle={Industrial Electronics Society, 2005. IECON 2005. 31st Annual Conference of IEEE}, title={Model-based fault diagnosis/prognosis for wheeled mobile robots: a review},
year={2005},
pages={6 pp.-},
keywords={fault diagnosis;mobile robots;remaining life assessment;wheels;analytical model;data-driven method;failure cases;fault prognosis;model-based fault diagnosis;remaining useful life prediction;system models;wheeled mobile robot;Analytical models;Circuit faults;Fault detection;Fault diagnosis;Manufacturing industries;Mobile robots;Motion control;Power supplies;Power system modeling;Vehicle dynamics},
doi={10.1109/IECON.2005.1569256},}
@ARTICLE{Corbato,
author={Corbato, Fernando J.},
title={On Building Systems That Will Fail},
journal={Communications of the ACM},
month={September},
year={1991},
volume={34},
number={9},}
@article{13020386, author = {Sylvain Koos and Antoine Cully and Jean{-}Baptiste Mouret}, title = {Fast Damage Recovery in Robotics with the T-Resilience Algorithm}, journal = {CoRR}, year = {2013}, volume = {abs/1302.0386}, url = {http://arxiv.org/abs/1302.0386}, timestamp = {Sat, 15 Nov 2014 16:32:05 +0100}, biburl = {http://dblp.uni-trier.de/rec/bib/journals/corr/abs-1302-0386}, bibsource = {dblp computer science bibliography, http://dblp.org} }
@INPROCEEDINGS{4711433, 
author={Orchard, M. and Kacprzynski, G. and Goebel, K. and Saha, B. and Vachtsevanos, G.}, 
booktitle={Prognostics and Health Management, 2008. PHM 2008. International Conference on}, 
title={Advances in uncertainty representation and management for particle filtering applied to prognostics}, 
year={2008}, 
month={Oct}, 
pages={1-6}, 
keywords={Bayes methods;aerospace computing;aerospace materials;condition monitoring;failure analysis;feedback;particle filtering (numerical methods);uncertain systems;Bayesian estimation;critical aircraft component;failure prognosis;fatigue-driven fault;feedback correction loop;noise distributions;nonlinear prediction;particle filtering;prognostics;regularization algorithms;resampling techniques;rescaled Epanechnikov kernel;uncertainty management;uncertainty representation;Bayesian methods;Feedback loop;Filtering;Kernel;NASA;Neural networks;Predictive models;Space technology;State estimation;Uncertainty;Failure prognosis;particle filtering;uncertainty management;uncertainty representation}, 
doi={10.1109/PHM.2008.4711433},}
@inproceedings{orchard2005, title={A particle filtering framework for failure prognosis}, author={Orchard, Marcos and Wu, Biqing and Vachtsevanos, George}, booktitle={World Tribology Congress III}, pages={883--884}, year={2005}, organization={American Society of Mechanical Engineers} }
@INPROCEEDINGS{4711448, 
author={Liang Tang and Kacprzynski, G.J. and Goebel, K. and Saxena, A. and Saha, B. and Vachtsevanos, G.}, 
booktitle={Prognostics and Health Management, 2008. PHM 2008. International Conference on}, 
title={Prognostics-enhanced Automated Contingency Management for advanced autonomous systems}, 
year={2008}, 
month={Oct}, 
pages={1-9}, 
keywords={aerospace control;condition monitoring;mobile robots;remotely operated vehicles;advanced autonomous systems;component level control reconfiguration;fault mitigation;fidelity unmanned aerial vehicle simulation;flight control actuators;hierarchical ACM+P architecture;prognostics-enhanced automated contingency management;system level control reconfiguration;Aerospace control;Aerospace simulation;Automatic control;Contingency management;Control systems;Fault diagnosis;Level control;Military aircraft;State estimation;Unmanned aerial vehicles;Automated contingency management;Prognostics and Health Management;autonomous system;control reconfiguration}, 
doi={10.1109/PHM.2008.4711448},}
@INPROCEEDINGS{6137995, 
author={Liang Tang and Bin Zhang and DeCastro, J. and Hettler, E.}, 
booktitle={Control and Automation (ICCA), 2011 9th IEEE International Conference on}, 
title={An integrated health and contingency management case study on an autonomous ground robot}, 
year={2011}, 
month={Dec}, 
pages={584-589}, 
keywords={fault diagnosis;mobile robots;vehicles;HyDE-based diagnosis reasoner;autonomous ground robot;autonomous robotic vehicles;contingency management system;fault detection;fault progression;faults isolation;health management information;mission reconfiguration;onboard health system;particle filtering-based prognosis server;prognostics-enhanced mission planner;real-time prognostics;robot control;software module;Batteries;Computers;Robot sensing systems;Tires;Vehicles}, 
doi={10.1109/ICCA.2011.6137995}, 
ISSN={1948-3449},}
