@book{anselm,
Author="Anselmus Cantuariensis",
Title="Proslogion",
Publisher="Ordo Sancti Benedicti",
Year="c. 1078",
}
@book{aesop,
Author="Aesop of Delphi",
Title="Aesop's Fables",
Year="c. 620BCE",
Note="Translated by J.H. Stickney 1915 "
}
@book{grimm,
Author="Jacob and Wilhelm Grimm",
Title="Grimm's Fairy Tales",
Year="1812",
Note="Translated by Francis Jenkins Olcott 1927"
}
@article{adler2009,
author = "Adler, Robert and Ewing, John and Taylor, Peter",
doi = "10.1214/09-STS285",
fjournal = "Statistical Science",
journal = "Statist. Sci.",
month = "02",
number = "1",
pages = "1--14",
publisher = "The Institute of Mathematical Statistics",
title = "Citation Statistics",
url = "http://dx.doi.org/10.1214/09-STS285",
volume = "24",
year = "2009"
}
@article{el-arini2011,
    author = "El-Arini, Khalid and Guestrin, Carlos",
    title = "Beyond Keyword Search: Discovering Relevant Scientific Literature",
    booktitle={Proceedings of the 17th ACM SIGKDD international conference on Knowledge discovery and data mining},
    pages={439--447},
    year={2011},
    organization={ACM}
}
@article{bro2003,
    title={A new efficient method for determining the number of components in PARAFAC models},
    author={Bro, Rasmus and Kiers, Henk AL},
    journal={Journal of chemometrics},
    volume={17},
    number={5},
    pages={274--286},
    year={2003},
    publisher={Wiley Online Library}
}
@article{harshman1970,
    title={Foundations of the PARAFAC procedure: Models and conditions for an" explanatory" multi-modal factor analysis},
    author={Harshman, Richard A},
    year={1970},
    publisher={University of California at Los Angeles Los Angeles, CA}
}
@article{harshman1994,
title = "PARAFAC: Parallel factor analysis",
journal = "Computational Statistics & Data Analysis",
volume = "18",
number = "1",
pages = "39 - 72",
year = "1994",
issn = "0167-9473",
doi = "https://doi.org/10.1016/0167-9473(94)90132-5",
url = "http://www.sciencedirect.com/science/article/pii/0167947394901325",
author = "Richard A. Harshman and Margaret E. Lundy",
}
@inproceedings{dietz2007,
    title={Unsupervised prediction of citation influences},
    author={Dietz, Laura and Bickel, Steffen and Scheffer, Tobias},
    booktitle={Proceedings of the 24th international conference on Machine learning},
    pages={233--240},
    year={2007},
    organization={ACM}
}
@article{blei2003,
    title={Latent dirichlet allocation},
    author={Blei, David M and Ng, Andrew Y and Jordan, Michael I},
    journal={Journal of machine Learning research},
    volume={3},
    number={Jan},
    pages={993--1022},
    year={2003}
}
@article{bro1997,
  title={PARAFAC. Tutorial and applications},
  author={Bro, Rasmus},
  journal={Chemometrics and intelligent laboratory systems},
  volume={38},
  number={2},
  pages={149--171},
  year={1997},
  publisher={Elsevier}
}
@article{haastad1990,
  title={Tensor rank is NP-complete},
  author={H{\aa}stad, Johan},
  journal={Journal of Algorithms},
  volume={11},
  number={4},
  pages={644--654},
  year={1990},
  publisher={Elsevier}
}
@article{andersson2000,
  title={The N-way toolbox for MATLAB},
  author={Andersson, Claus A and Bro, Rasmus},
  journal={Chemometrics and intelligent laboratory systems},
  volume={52},
  number={1},
  pages={1--4},
  year={2000},
  publisher={Elsevier}
}
@misc{dada,
    title = {DadaDodo (software)},
    author = {Zamwinski, Jamie},
    howpublished = {https://www.jwz.org/dadadodo/},
    note={Accessed June 12, 2016}
}
@article{comon2009,
  title={Tensor decompositions, alternating least squares and other tales},
  author={Comon, Pierre and Luciani, Xavier and De Almeida, Andr{\'e} LF},
  journal={Journal of chemometrics},
  volume={23},
  number={7-8},
  pages={393--405},
  year={2009},
  publisher={Wiley Online Library}
}
@INPROCEEDINGS{baskaran2012,
author={M. Baskaran and B. Meister and N. Vasilache and R. Lethin},
booktitle={2012 IEEE Conference on High Performance Extreme
Computing},
title={Efficient and scalable computations with sparse tensors},
year={2012},
volume={},
number={},
pages={1-6},
doi={10.1109/HPEC.2012.6408676},
ISSN={},
month={Sept},}
@Article{carroll1970,
author="Carroll, J. Douglas
and Chang, Jih-Jie",
title="Analysis of individual differences in multidimensional scaling
via an n-way generalization of ``Eckart-Young'' decomposition",
journal="Psychometrika",
year="1970",
month="Sep",
day="01",
volume="35",
number="3",
pages="283--319",
issn="1860-0980",
doi="10.1007/BF02310791",
url="https://doi.org/10.1007/BF02310791"
}
@article {bro2003,
author = {Bro, Rasmus and Kiers, Henk A. L.},
title = {A new efficient method for determining the number of components in PARAFAC models},
year="2003"
journal = {Journal of Chemometrics},
}
@article{papalexakis2015,
author = {Papalexakis, Evangelos and Faloutsos, Christos},
year = {2015},
month = {04},
pages = {5441-5445},
title = {Fast efficient and scalable Core Consistency Diagnostic for
the parafac decomposition for big sparse tensors}
}
@article {hitchcock1927
author = {Hitchcock, Frank L.},
title = {The Expression of a Tensor or a Polyadic as a Sum of
Products},
journal = {Journal of Mathematics and Physics},
volume = {6},
number = {1-4},
issn = {1467-9590},
url = {http://dx.doi.org/10.1002/sapm192761164},
doi = {10.1002/sapm192761164},
pages = {164--189},
year = {1927},
}
@incollection{kruskal1989
 author = {Kruskal, J. B.},
 chapter = {Rank, Decomposition, and Uniqueness for 3-way and N-way Arrays},
 title = {Multiway Data Analysis},
 editor = {Coppi, R. and Bolasco, S.},
 year = {1989},
 isbn = {0-444-87410-0},
 pages = {7--18},
 numpages = {12},
 url = {http://dl.acm.org/citation.cfm?id=120565.120567},
 acmid = {120567},
 publisher = {North-Holland Publishing Co.},
 address = {Amsterdam, The Netherlands, The Netherlands},
} 
@Inbook{papalexakis2012,
author="Papalexakis, Evangelos E.  and Faloutsos, Christos and Sidiropoulos, Nicholas D.",
editor="Flach, Peter A.  and De Bie, Tijl and Cristianini, Nello",
title="ParCube: Sparse Parallelizable Tensor Decompositions",
bookTitle="Machine Learning and Knowledge Discovery in Databases: European Conference, ECML PKDD 2012, Bristol, UK, September 24-28, 2012. Proceedings, Part I",
year="2012",
publisher="Springer Berlin Heidelberg",
address="Berlin, Heidelberg",
pages="521--536",
isbn="978-3-642-33460-3",
doi="10.1007/978-3-642-33460-3_39",
url="https://doi.org/10.1007/978-3-642-33460-3_39"
}
@techreport{kolda2006,
  title={Multilinear operators for higher-order decompositions.},
  author={Kolda, Tamara Gibson},
  year={2006},
  institution={Sandia National Laboratories}
}
@article{kolda2009,
author = {Tamara G. Kolda and Brett W. Bader},
title = {Tensor Decompositions and Applications},
journal = {SIAM Review},
volume = {51},
number = {3},
pages = {455-500},
year = {2009},
doi = {10.1137/07070111X},

URL = {https://doi.org/10.1137/07070111X},
eprint = {https://doi.org/10.1137/07070111X}
}
@inproceedings{smith2015,
  title={SPLATT: Efficient and parallel sparse tensor-matrix multiplication},
  author={Smith, Shaden and Ravindran, Niranjay and Sidiropoulos, Nicholas D and Karypis, George},
  booktitle={Parallel and Distributed Processing Symposium (IPDPS), 2015 IEEE International},
  pages={61--70},
  year={2015},
  organization={IEEE}
}
@inproceedings{lathauwer2009,
  title={A survey of tensor methods},
  author={De Lathauwer, Lieven},
  booktitle={Circuits and Systems, 2009. ISCAS 2009. IEEE International Symposium on},
  pages={2773--2776},
  year={2009},
  organization={IEEE}
}
@book{kolecki2002,
  title={An introduction to tensors for students of physics and engineering},
  author={Kolecki, Joseph C},
  year={2002},
  publisher={National Aeronautics and Space Administration, Glenn Research Center}
}
@article{raynolds2009,
  title={A generalized inner and outer product of arbitrary multi-dimensional arrays using A Mathematics of Arrays (MoA)},
  author={Raynolds, James E and Mullin, Lenore M},
  journal={arXiv preprint arXiv:0907.0792},
  year={2009}
}
@article{barbasi2002,
title = "Evolution of the social network of scientific collaborations",
journal = "Physica A: Statistical Mechanics and its Applications",
volume = "311",
number = "3",
pages = "590 - 614",
year = "2002",
issn = "0378-4371",
doi = "https://doi.org/10.1016/S0378-4371(02)00736-7",
url = "http://www.sciencedirect.com/science/article/pii/S0378437102007367",
author = "A.L Barabási and H Jeong and Z Néda and E Ravasz and A Schubert and T Vicsek",
keywords = "Random networks, Scaling, Small-word systems, Scale-free networks"
}
@article{pianesi2007,
  title={A multimodal annotated corpus of consensus decision making meetings},
  author={Pianesi, Fabio and Zancanaro, Massimo and Lepri, Bruno and Cappelletti, Alessandro},
  journal={Language Resources and Evaluation},
  volume={41},
  number={3-4},
  pages={409--429},
  year={2007},
  publisher={Springer}
}
@inproceedings{aziz2010,
  title={Identifying influential bloggers using blogs semantics},
  author={Aziz, Mehwish and Rafi, Muhammad},
  booktitle={Proceedings of the 8th International Conference on Frontiers of Information Technology},
  pages={7},
  year={2010},
  organization={ACM}
}
@article{burrows2006,
  title={All the way through: testing for authorship in different frequency strata},
  author={Burrows, John},
  journal={Literary and Linguistic Computing},
  volume={22},
  number={1},
  pages={27--47},
  year={2006},
  publisher={EADH: The European Association for Digital
  Humanities}
}
@article{antonia2014,
author = {Antonia, Alexis and Craig, Hugh and Elliott, Jack},
title = {Language chunking, data sparseness, and the value of a long marker list: explorations with word n-grams and authorial attribution},
journal = {Literary and Linguistic Computing},
volume = {29},
number = {2},
pages = {147-163},
year = {2014},
doi = {10.1093/llc/fqt028},
URL = { + http://dx.doi.org/10.1093/llc/fqt028},
eprint = {/oup/backfile/content_public/journal/dsh/29/2/10.1093/llc/fqt028/2/fqt028.pdf}
}
@inproceedings{than2012,
  title={Fully sparse topic models},
  author={Than, Khoat and Ho, Tu Bao},
  booktitle={Joint European Conference on Machine Learning and Knowledge Discovery in Databases},
  pages={490--505},
  year={2012},
  organization={Springer}
}
@inproceedings{kawamae2016,
  title={N-gram over Context},
  author={Kawamae, Noriaki},
  booktitle={Proceedings of the 25th International Conference on World Wide Web},
  pages={1045--1055},
  year={2016},
  organization={International World Wide Web Conferences Steering Committee}
}
@inproceedings{stamatatos2011,
  title={Plagiarism detection based on structural information},
  author={Stamatatos, Efstathios},
  booktitle={Proceedings of the 20th ACM international conference on Information and knowledge management},
  pages={1221--1230},
  year={2011},
  organization={ACM}
}
@inproceedings{jiang2014,
  title={Dynamic topic/citation influence modeling for chronological citation recommendation},
  author={Jiang, Zhuoren and Liu, Xiaozhong and Gao, Liangcai},
  booktitle={Proceedings of the 5th International Workshop on Web-scale Knowledge Representation Retrieval \& Reasoning},
  pages={15--18},
  year={2014},
  organization={ACM}
}
@incollection{bader2007,
  author      = "Bader, Brett W., Berry, Michael W., and Browne, Murray",
  title       = "Discussion Tracking in Enron Email Using PARAFAC",
  editor      = "Berry, Michael W. and Castellanos, Malu",
  booktitle   = "Survey of Text Mining"
  publisher   = "Springer"
  year        = 2007,
  pages       = "147-163",
  chapter     = 8,
}
@incollection{burrows2017,
  author      = "Burrows, John and Craig, Hugh",
  title       = "The Joker in the Pack?: Marlowe, Kyd, and the Co-authorship of Henry VI, Part 3",
  editor      = "Taylor, Gary and Egan, Gabriel",
  booktitle   = "The New Oxford Shakespeare Authorship Companion",
  publisher   = "Oxford University Press",
  year        = 2017,
  pages       = "194-217",
  chapter     = 11,
}
@book{craig2009,
  author = "Craig, Hugh and Kinney, Arthur F.",
  title  = "Sheakespeare, Computers, and the Mystery of Authorship",
  year   = 2009,
  publisher = "Cambridge University Press",
}
@article{liu2012sparse,
  title={Sparse non-negative tensor factorization using columnwise coordinate descent},
  author={Liu, Ji and Liu, Jun and Wonka, Peter and Ye, Jieping},
  journal={Pattern Recognition},
  volume={45},
  number={1},
  pages={649--656},
  year={2012},
  publisher={Elsevier}
}
