@book{anselm,
Author="Anselmus Cantuariensis",
Title="Proslogion",
Publisher="Ordo Sancti Benedicti",
Year="c. 1078",
}
@article{adler2009,
author = "Adler, Robert and Ewing, John and Taylor, Peter",
doi = "10.1214/09-STS285",
fjournal = "Statistical Science",
journal = "Statist. Sci.",
month = "02",
number = "1",
pages = "1--14",
publisher = "The Institute of Mathematical Statistics",
title = "Citation Statistics",
url = "http://dx.doi.org/10.1214/09-STS285",
volume = "24",
year = "2009"
}